@article{1,
	author = {Burmester. Daniel and Rayudu. Ramesh and Seah. Winston and Akinyele.  Daniel},
	title = {A Review of Nanogrid Topologies and Technologies},
	journaltitle = {Renewable and Sustainable Energy Reviews},
	date = {2017},
	issue = {67},
	pages = {760-775},
}

@report{2,
	author = {Zubieta. Luis E},
	title = {Power Management and Optimization Concept for DC Microgrids},
	journaltitle = {ARDA Power Inc.},
	date = {2015},
}
@report{3,
	author = {Jianfang. Xiao and Tianyang. Zhao and Koh Leong. Hai and Wang. Peng},
	title = {Smart Energy Hub - Modularized Hybrid AC/DC Microgrid: System Design and Deployment},
	journaltitle = {ARDA Power Inc.},
	date = {2017},
	city = {Nanyang, Singapore}
}
@article{4,
	author = {Dinesh. Kumar and Firuz. Zare},
	title = {DC Microgrid Technology: System Architectures,AC Grid Interfaces, Grounding Schemes, Power Quality, Communication Networks, Applications, and Standardizations Aspects},
	journaltitle = {Special Section On Power Quality And Harmonics Issues Of Future And Smart Grids},
	date = {2017},
	OPTpages = {36,122},
}
@proceedings{5,
	editor = {Enrique. Rodriguez-Diaz and Emilio. J2 and Palacios-Garcia and Amjad, Anvari-Moghaddam and Juan C, Vasquez},
	title = {Real-Time Energy Management System for a Hybrid AC/DC Residential Microgrid},
	date = {2017},
	OPTpublisher = {IEEE},
	OPTlocation = {Spain},
}
@booklet{6,
	author = {Schmitz and Kenneth S.},
	title = {Physical Chemistry},
	date = {2018},
	OPTpublisher = {Elsevier},
	OPTlocation = {location},
	OPTisbn = {isbn},
	OPTchapter = {Chapter 1 - Philosophy of Science},
	OPTpages = {183-367},
}
@article{7,
	author = {P. Pal and V. Mukherjee and P.Kumar and ME.Makhatha},
	title = {Viability analysis of direct current (DC) standalone hybrid photovoltaic (PV)/ hydrogen fuel cell (HFC) energy system: A techno-economic approach},
	journaltitle = {Materialstoday},
	date = {2021},
	volume = {39},
	issue = {67},
	pages = {187-1812},
}
@article{8,
	author = {Melfi. M.J. and Umans. S.D.},
	title = {DC Machines},
	journaltitle = {Encyclopedia of Electrical and Electronic Power Engineering},
	date = {2023},
	volume = {1},
	issue = {},
	pages = {264 - 279},
}
@article{9,
	author = {Keerthana. M.S. and G. Uma and U.Sowmmiya},
	title = {A study of a solar PV and wind-based residential DC NanoGrid with dual},
	journaltitle = {International Journal of Electrical Power and Energy Systems energy storage system under islanded/ interconnected/grid-tied modes},
	date = {2022},
	volume = {},
	issue = {143},
	pages = {},
}
@article{10,
	author = {Osama Ayadia and Reem Shadid and Abdullah Bani-Abdullah and Mohammad Alrbai and Mohammad Abu-Mualla and NoorAldeen Balah},
	title = {Experimental comparison between Monocrystalline, Polycrystalline, and Thin-film solar systems under sunny climatic conditions},
	journaltitle = {Energy Reports},
	date = {2022},
	volume = {8},
	issue = {},
	pages = {218-230},
}
@article{11,
	author = {K. Padmavathi and S. Arul. Daniel},
	title = {Performance analysis of a 3 MWp grid connected solar photovoltaic power plant in India},
	journaltitle = {Energy for Sustainable Development},
	date = {2013},
	volume = {17},
	issue = {},
	pages = {615-625},
}
@proceedings{12,
	editor = {B. Marion and J. Adelstein and K. Boyle and H. Hayden and B. Hammond and T. Fletcher and B. Canada and D. Narang and D. Shugar and H. Wenger and A. Kimber and L. Mitchell and G. Rich and T. Townsend},
	title = {Performance Parameters for Grid-Connected PV Systems},
	date = {2005},
	OPTpublisher = {National Renewable Energy Laboratory},
	OPTlocation = {Colorado},
}
@article{13,
	author = {Qianli. Ma and Haisheng. Fang and Mengjie. Zhang},
	title = {Theoretical analysis and design optimization of thermoelectric generator},
	journaltitle = {Applied Thermal Engineering},
	date = {2017},
	volume = {127},
	issue = {},
	pages = {758-764},
}
@article{14,
	author = {Zahrasadat. Tabaie and Amir. Omidvar},
	title = {Human body heat-driven thermoelectric generators as a sustainable power supply for wearable electronic devices: Recent advances, challenges, and future perspective},
	journaltitle = {Heliyon},
	date = {2023},
	volume = {9},
	issue = {},
	pages = {e14707},
}
@article{15,
	author = {Jin-Liang. Zeng and Xun. Liu and Chu-Qi. Su and Yi-Ping. Wang and Xin. Xiong},
	title = {Numerical investigation of a geothermal thermoelectric generator using gravity heat pipe structure},
	journaltitle = {International Conference on Power and Electrical Engineering (ICPEE)},
	date = {2022},
	volume = {3},
	issue = {},
	pages = {21-31},
}
@article{16,
	author = {Azadani. L.N.},
	title = {Vertical axis wind turbines in cluster configurations},
	journaltitle = {Ocean Engineering},
	date = {2023},
	volume = {272},
	issue = {},
	pages = {113-855},
}
@article{17,
	author = {Nandini. K.K. and Jayalakshmi. N.S and Vinay Kumar Jadoun},
	title = {An overview of DC Microgrid with DC distribution system for DC load},
	journaltitle = {Materials Today},
	date = {2022},
	volume = {51},
	issue = {1},
	pages = {635-639},
}
@article{18,
	author = {Cihan. Katar and Cengiz. Polat Uzunoğlu},
	title = {A comparative study on AC/DC analysis of an operational low voltage distribution system},
	journaltitle = {International Journal of Applied Power Engineering (IJAPE)},
	date = {2021},
	volume = {10},
	issue = {3},
	pages = {193-206},
}
@article{19,
	author = {Joseph. Ami and Mohammad. Shahidehpour},
	title = {Battery storage systems in electric power systems},
	journaltitle = {2006 IEEE Power Engineering Society General Meeting},
	date = {2006},
	volume = {},
	issue = {},
	pages = {8-pp},
}
@proceedings{20,
	editor = {Mathew. Aneke and Meihong. Wang},
	title = {Energy storage technologies and real life applications – A state of the art review},
	date = {2016},
	OPTpublisher = {Applied Energy},
	OPTlocation = {Hull},
}
@article{21,
	author = {S. Ould and Amrouche. D and T. Rekioua and S. Bacha},
	title = {Overview of energy storage in renewable energy systems},
	journaltitle = {International Journal of Hydrogen Energy},
	date = {2016},
	volume = {},
	issue = {},
	pages = {20914-20927},
}
@proceedings{22,
	editor = {Zhenghong Chen and Kangda Wang and Zhengyuan Li and Tao Zheng},
	title = {A Review on Control Strategies of AC/DC Micro Grid},
	date = {2017},
	OPTpublisher = {IEEE Xplore},
	OPTlocation = {Shaanxi Province, P.R. China},
}
@article{23,
	author = {Nordman. B and Christensen. K},
	title = {DC Local Power Distribution: Technology,Deployment, and Pathways to Success},
	journaltitle = {IEEE Electrification Magazine},
	date = {2016},
	volume = {4},
	issue = {2},
	pages = {29-36},
}
@proceedings{24,
	editor = {Mohamed A.A and Mohamed Rashed and Xiaoyu Lang and Jason Atkin and Seang Yeoh and Serhiy Bozhko},
	title = {Droop control design to minimize losses in DC microgrid for more electric aircraft},
	date = {2001},
	OPTpublisher = {Electric Power Systems Research 199},
	OPTlocation = {},
}
@article{25,
	author = {Renan F. Bastos and Cassius R. Aguiar and Attila Balogh. Zoltán Sütő and Ricardo Q. Machado},
	title = {Power-sharing for dc microgrid with composite storage devices and voltage restoration without communication},
	journaltitle = {Electrical Power and Energy Systems},
	date = {2022},
	volume = {138},
	issue = {107928},
	pages = {},
}
@proceedings{26,
	editor = {Mateo Beus and Frederik Banis and Hrvoje Pandžić and Niels Kjølstad Poulsen},
	title = {Three-level hierarchical microgrid control—model development and laboratory implementation},
	date = {2020},
	OPTpublisher = {Electric Power Systems Research},
	OPTlocation = {},
}
@proceedings{27,
	editor = {Yuto. Lim and Hossain. Md. Jakaria and Javaid. Saher and Tan. Yasuo},
	title = {Study of Home Energy Management System for DC-based Nanogrid},
	date = {2020},
	OPTpublisher = {IEEE International Conference on Consumer Electronics},
	OPTlocation = {Taiwan},
}
@proceedings{28,
	editor = {Durga. Malleswara Rao Korada and Mahesh. Kumar Mishra and Ram. Shankar Yallamilli},
	title = {Dynamic Energy Management in DC Microgrid using Composite Energy Storage System},
	date = {2020},
	OPTpublisher = {IEEE International Conference on Power Electronics, Smart Grid and Renewable Energy},
	OPTlocation = {},
}
@article{29,
	author = {Andreadis. G. Bouzakis. K. D. Klazoglou. P. Niwtaki. K},
	title = {Review of Agent–Based Systems in the Manufacturing Section},
	journaltitle = {Universal Journal of Mechanical Engineering},
	date = {2014},
	volume = {2},
	issue = {2},
	pages = {55-59},
}
@proceedings{30,
	editor = {Manoj. Lonkar and Ponnaluri. Srinivas},
	title = {A Review of DC Microgrid Operation and Control},
	date = {2015},
	OPTpublisher = {International Renewable Energy Congress},
	OPTlocation = {Mumbai, India},
}
@proceedings{31,
	editor = {Surya. Prakash and Sukumar.Mishra and Narayana Prasad. Padhy},
	title = {Coordinated Control of a Grid Connected DC MicroGrid with Multiple Renewable Sources},
	date = {2016},
	OPTpublisher = {Asia-P acific Power and Energy Conference},
	OPTlocation = {Xi'an},
}
@proceedings{32,
	editor = {Surya. Prakash and Sukumar. Mishra and Narayana Prasad. Padhy},
	title = {Modeling and Simulation of Microgrid},
	date = {2016},
	OPTpublisher = {Complex Adaptive Systems Conference with Theme: Engineering Cyber Physical Systems},
	OPTlocation = {Chicago},
}
@proceedings{33,
	editor = {Hammerstrom. D. J.},
	title = {AC Versus DC Distribution SystemsDid We Get it Right?},
	date = {2007},
	OPTpublisher = {2007 IEEE Power Engineering Society General Meeting},
	OPTlocation = {Tampa, FL, USA},
}
@proceedings{34,
	editor = {Starke. Michael and Tolbert. Leon M. and Ozpineci. Burak},
	title = {AC vs. DC Distribution:A Loss Comparison},
	date = {2008},
	OPTpublisher = {Transmission and Distribution Conference and Exposition},
	OPTlocation = {Chicago, IL, USA},
}
@proceedings{35,
	editor = {Techakittiroj. K. and Wongpaibool. V.},
	title = {Co-existance between AC-Distribution and DC-Distribution: In the View of Appliances},
	date = {2009},
	OPTpublisher = {Second International Conference on Computer and Electrical Engineering},
	OPTlocation = {Dubai, United Arab Emirates},
}
@proceedings{36,
	editor = {Vosloo. Arno},
	title = {Agent-Based Energy Management Systems for The Remote community microgrid},
	date = {2015},
	OPTpublisher = {Cape Peninsula University of Technology},
	OPTlocation = {Bellville Campus},
}
@proceedings{37,
	editor = {Fulong. Li and Claudio and Cañizares and Zhengyu, Lin},
	title = {Energy Management System for DC Microgrids Considering Battery Degradation},
	date = {2020},
	OPTpublisher = {IEEE explore},
	OPTlocation = {Leicestershire, United Kingdom and Waterloo, Ontario, Canada},
}
@proceedings{38,
	editor = {Ligang. Hou and Xianghua. Tang and Xiongjie. Shi},
	title = {Research on Control Method of Energy Storage Interface for DC Micro-grid},
	date = {2019},
	OPTpublisher = {Energy Internet and Energy System Integration},
	OPTlocation = {Changsha},
}
@article{39,
	author = {Muhammad. BR and María. D. and R-Moreno and Kelum A.A. Gamage c},
	title = {Artificial intelligence-enabled probabilistic load demand scheduling with dynamic pricing involving renewable resource},
	journaltitle = {Energy Reports},
	date = {2022},
	volume = {8},
	issue = {},
	pages = {14034-14037},
}
@article{40,
	author = {Chun. Chang Yoon and Baek. Jongbok and Seo. Gab-Su and Cho. B.H. and Jonghoon Kim. Il Kwon Chang and Lee. Sangwoo},
	title = {Current sensor-less state-of-charge estimation algorithm for lithium-ion batteries utilizing filtered terminal voltage},
	journaltitle = {Journal of Power Sources},
	date = {2015},
	volume = {273},
	issue = {},
	pages = {255-263},
}
@online{41,
	title = {Solar irradiance data},
	url = {https://www.eskom.co.za/AboutElectricity/RenewableEnergy/Documents/SolarData_site3fullsetTellerie.xls},
	OPTlanguage = {language},
	OPTversion = {version},
	OPTorganization = {Eskom holdings ltd},
	OPTdate = {date},
	OPTmonth = {12},
	OPTyear = {2020},
}
@article{42,
	author = {Muhammad. K and B. muhammad and Muhammad. M},
	title = {DC Home Appliances for DC Distribution System},
	journaltitle = {Mehran University Research Journal of Engineering \& Technology},
	OPTyear = {2017},
	volume = {840},
	issue = {36},
	pages = {4},
}
@article{43,
	author = {Bruno Mota and Pedro Faria and Zita Vale},
	title = {Residential load shifting in demand response events for bill reduction using a genetic algorithm},
	journaltitle = {Energy},
	date = {2022},
	volume = {260},
	issue = {1},
	pages = {},
}

